<?xml version="1.0" encoding="UTF-8"?><collection xmlns="http://www.loc.gov/MARC21/slim"><record><leader>00451nam--2200145-i-4500</leader><controlfield tag="001">000023692</controlfield><controlfield tag="002">20161230</controlfield><controlfield tag="005">20161230201035</controlfield><controlfield tag="008">060222s1000------------r-----000-0-eng-d</controlfield><datafield ind1=" " ind2=" " tag="080"><subfield code="a">535.853(045)</subfield></datafield><datafield ind1=" " ind2=" " tag="100"><subfield code="a">Hulubei, Horia Si Martalogu, N</subfield></datafield><datafield ind1=" " ind2=" " tag="245"><subfield code="a">Unele imbunatatiri in tehnica spectrografiei razelor rontgen caracteristice</subfield></datafield><datafield ind1=" " ind2=" " tag="260"><subfield code="a">Bucureti, Institutul De Fizica Atomica, 1953, 6 P</subfield></datafield><datafield ind1=" " ind2=" " tag="490"><subfield code="a">Studii Si Cercetari De Fizica</subfield></datafield><datafield ind1=" " ind2=" " tag="852"><subfield code="a">44691</subfield></datafield></record></collection>